
@inproceedings{autosklearn:feurer2015efficient,
	title={Efficient and robust automated machine learning},
	author={Feurer, Matthias and Klein, Aaron and Eggensperger, Katharina and Springenberg, Jost and Blum, Manuel and Hutter, Frank},
	booktitle={Advances in neural information processing systems},
	pages={2962--2970},
	year={2015}
}

@misc{benitezhidalgo2019jmetalpy,
	title={jMetalPy: a Python Framework for Multi-Objective Optimization with Metaheuristics},
	author={Antonio Benitez-Hidalgo and Antonio J. Nebro and Jose Garcia-Nieto and Izaskun Oregi and Javier Del Ser},
	year={2019},
	eprint={1903.02915},
	archivePrefix={arXiv},
	primaryClass={cs.NE}
}

@inproceedings{OlsonGECCO2016,
	author = {Olson, Randal S. and Bartley, Nathan and Urbanowicz, Ryan J. and Moore, Jason H.},
	title = {Evaluation of a Tree-based Pipeline Optimization Tool for Automating Data Science},
	booktitle = {Proceedings of the Genetic and Evolutionary Computation Conference 2016},
	series = {GECCO '16},
	year = {2016},
	isbn = {978-1-4503-4206-3},
	location = {Denver, Colorado, USA},
	pages = {485--492},
	numpages = {8},
	url = {http://doi.acm.org/10.1145/2908812.2908918},
	doi = {10.1145/2908812.2908918},
	acmid = {2908918},
	publisher = {ACM},
	address = {New York, NY, USA},
}

@software{francesco_biscani_2019_3582877,
	author       = {Francesco Biscani and
			Dario Izzo and
			Wenzel Jakob and
			GiacomoAcciarini and
			Marcus Märtens and
			Micky C and
			Alessio Mereta and
			Cord Kaldemeyer and
			Sergey Lyskov and
			Giacomo Acciarini and
			Sylvain Corlay and
			acxz and
			Benjamin Pritchard and
			Kishan Manani and
			Johan Mabille and
			Axel Huebl and
			Manuel López-Ibáñez and
			jakirkham and
			Jeongseok Lee and
			hulucc and
			polygon and
			Luka Čehovin Zajc and
			Jonas Adler and
			John Travers and
			Jakob Jordan and
			Ivan Smirnov and
			Huu Nguyen and
			Felipe Lema and
			Erik O'Leary and
			Andrea Mambrini},
	title        = {esa/pagmo2: pagmo 2.12.0},
	month        = dec,
	year         = 2019,
	publisher    = {Zenodo},
	version      = {v2.12.0},
	doi          = {10.5281/zenodo.3582877},
	url          = {https://doi.org/10.5281/zenodo.3582877}
}
